@techreport{CamlLightDoc,
        author = "X. Leroy",
        title = "The {Caml} {Light} system, release 0.6 --- {Documentation}
                 and user's manual",
        institution = "INRIA",
        year = "1993",
        note = "Included in the Caml Light 0.6 distribution"}

@book{Weis-Leroy,
        author =        "P. Weis and X. Leroy",
        title =         "Le langage {Caml}",
        publisher =     "Inter\'Editions",
        year =          "1993"}

@book{Leroy-Weis,
        author =        "X. Leroy and P. Weis",
        title =         "Manuel de r\'ef\'erence du langage {Caml}",
        publisher =     "Inter\'Editions",
        year =          "1993"}

@techreport{LCS,
        author = "B. Berthomieu",
        title = "{LCS} {U}sers {M}anual",
        year = "1991",
        type = "Technical Report",
        number = "91226",
        address = "Toulouse, France",
        institution = "LAAS"}
        
@techreport{Lex,
        author = "M.E. Lesk",
        title = "Lex --- a lexical analyser generator",
        year = "1975",
        type = "Technical Report",
        number = "39",
        institution = " AT\&T Bell Laboratories"}
        
@techreport{Mauny92a,
        author = "M. Mauny",
        year = "1992",
        title = "Integrating Lazy Evaluation in Strict {ML}",
        number = 137,
        institution = "INRIA"
}
@INPROCEEDINGS{Mauny92b,
        author = "M. Mauny",
        year = "1992",
        title = "Integrating Lazy Evaluation in Strict {ML}",
        BOOKTITLE =     "Actes du Premier Colloque Africain sur la Recherche
                        en Informatique",
        MONTH = "October",
        PUBLISHER =     "INRIA"}

}
@techreport{Leroy90a,
        author =        "Xavier Leroy",
        title =         "The {ZINC} experiment: an economical implementation
                         of the {ML} language",
        institution =   "INRIA",
        type =          "Technical Report",
        number =        "117",
        year =          "1990"}

@unpublished{Mauny91b,
        author = "M. Mauny",
        title = "Functional Programming using {CAML} {L}ight",
        howpublished = "Distributed with Caml Light by ``ftp anonymous''",
        year = "1991",
        institution = "INRIA"}

@INPROCEEDINGS{LeroyWeis91,
        AUTHOR =        "Xavier Leroy and Pierre Weis",
        TITLE =         "Polymorphic type inference and assignment",
        BOOKTITLE =     "Proc. Symp. Principles of Programming Languages",
        YEAR =          1991,
        PAGES =         "291--302",
        PUBLISHER =     "ACM press"}

%===========================================================================
@BOOK{Hindley,
        AUTHOR = "J.R. Hindley and J.P. Seldin",
        TITLE = "Introduction to Combinators and $\lambda$-calculus",
        SERIES = "London Mathematical Society, Student Texts",
        PUBLISHER = "Cambridge University Press",
        YEAR = 1986
}
%===========================================================================
@BOOK{Barendregt,
        AUTHOR = "H.P. Barendregt",
        TITLE = "The Lambda-Calculus: Its Syntax and Semantics",
        SERIES = "Studies in Logic and the Foundations of
                        Mathematics",
        VOLUME = 103,
        PUBLISHER = "North-Holland",
        YEAR = 1984
}
%===========================================================================
@BOOK{CurienMonography,
        AUTHOR = "P.-L. Curien",
        TITLE = "Categorical Combinators, Sequential Algorithms and
                 Functional Programming",
        SERIES = "Research Notes in Theorical Computer Science",
        PUBLISHER = "Pitman",
        YEAR = 1986
}
%===========================================================================
@INPROCEEDINGS{SMLNJ,
        AUTHOR = "A. Appel and D. MacQueen",
        TITLE = "A {S}tandard {ML} Compiler",
        BOOKTITLE = "Proceedings of the ACM Conference on Functional
                         Programming Languages and Computer Architecture",
        YEAR = 1987
}
%===========================================================================
@INPROCEEDINGS{SchemeReport,
        AUTHOR = "J. Rees and W. Clinger",
        TITLE = "The Revised${}^3$ Report on the
                 Algorithmic Language {S}cheme",
        BOOKTITLE = "SIGPLAN Notices",
        VOLUME = 21,
        YEAR = 1987
}
%===========================================================================
@INPROCEEDINGS{ProposalSML,
        AUTHOR = "R. Milner",
        TITLE = "A Proposal for {S}tandard {ML}",
        BOOKTITLE = "Proceedings of the ACM Conference on Lisp and
                        Functional Programming",
        YEAR = 1987
}
%===========================================================================
@INPROCEEDINGS{SMLModules,
        AUTHOR = "D. MacQueen",
        TITLE = "Modules for {S}tandard {ML}",
        BOOKTITLE = "Proceedings of the ACM Conference on Lisp and
                        Functional Programming",
        YEAR = 1984
}
%===========================================================================
@INPROCEEDINGS{FPCA89,
        AUTHOR = "M. Mauny",
        TITLE = "Parsers and Printers as Stream Destructors and Constructors
                Embedded in Functional Languages",
        BOOKTITLE = "Proceedings of the ACM Conference on Functional
               Programming Languages and Computer Architecture",
        YEAR = 1989
}
%===========================================================================
@INPROCEEDINGS{FPCA91,
        AUTHOR = "X. Leroy and M. Mauny",
        TITLE = "Dynamics in {ML}",
        BOOKTITLE = "Proceedings of the ACM Conference on Functional
               Programming Languages and Computer Architecture",
        YEAR = 1991
}
%===========================================================================
@TECHREPORT{ZINC,
	AUTHOR = "X. Leroy",
	TITLE = "The {ZINC} Experiment: an Economical Implementation of the
                 {ML} Language",
        NUMBER = 117,
	YEAR = "1990",
	INSTITUTION = "INRIA"
}
%===========================================================================
@TECHREPORT{BDC,
	AUTHOR = "M. Mauny",
	TITLE = "Functional Programming using {CAML}",
        NUMBER = 129,
	YEAR = "1991",
	INSTITUTION = "INRIA"
}
%===========================================================================
@BOOK{Bird,
        AUTHOR = "R. Bird and P. Wadler",
        TITLE = "Introduction to Functional Programming",
        SERIES = "Series in Computer Science",
        PUBLISHER = "Prentice-Hall International",
        YEAR = 1986
}        
%===========================================================================
@BOOK{Peyton,
        AUTHOR = "S.L. Peyton-Jones",
        TITLE = "The Implementation of Functional Programming Languages",
        SERIES = "Series in Computer Science",
        PUBLISHER = "Prentice-Hall International",
        YEAR = 1987
}        
%===========================================================================
@BOOK{FPeyton,
        AUTHOR = "S.L. Peyton-Jones",
        TITLE = "Mise en {\oe}uvre des langages fonctionnels de
                 programmation",
        SERIES = "Manuels Informatiques Masson",
        PUBLISHER = "Masson",
        YEAR = 1990
}        
%===========================================================================
@BOOK{Krivine,
        AUTHOR = "J.-L. Krivine",
        TITLE = "Lambda-calcul, types et mod\`eles",
        SERIES = "Etudes et recherches en informatique",
        PUBLISHER = "Masson",
        YEAR = 1990
}        
%===========================================================================
@BOOKLET{LAMBDA,
        AUTHOR = "G. Huet",
        TITLE = "Initiation au lambda-calcul",
        HOWPUBLISHED = "Notes de cours",
        YEAR = 1990
}
%===========================================================================
@BOOKLET{COMPUTATION,
        AUTHOR = "G. Huet",
        TITLE = "Formal Structures for Computation and Deduction",
        HOWPUBLISHED = "Course Notes",
        YEAR = 1986
}
%===========================================================================
@INPROCEEDINGS{Unification,
        AUTHOR = "J. A. Robinson",
        TITLE = "Computational Logic: the Unification Computation",
        VOLUME = 6,
        PUBLISHER = "B. Meltzer and D. Mitchie (Eds)",
        BOOKTITLE = "Machine Intelligence",
        SERIES = "American Elsevier",
        YEAR = 1971
}
%===========================================================================
@INPROCEEDINGS{Aasa88,
	AUTHOR = "A. Aasa and K. Petersson and D. Synek",
	TITLE = "Concrete Syntax for Data Objects in Functional Languages",
	BOOKTITLE = "Proceedings of the 1988 ACM Conference on Lisp and
                     Functional Programming",
	YEAR = "1988",
	PAGES = "96-105"
}
%===========================================================================
@INPROCEEDINGS{ISWIM,
	AUTHOR = "P. Landin",
	TITLE = "The next 700 programming languages",
	BOOKTITLE = "Communications of the ACM",
        VOLUME = 9,
        CHAPTER = 3,
	YEAR = "1966",
	PAGES = "157-164"
}
%===========================================================================
@INPROCEEDINGS{FP,
	AUTHOR = "J. Backus",
	TITLE = "Can programming be liberated from the {Von Neumann} style?
                 {A} functional style and its algebra of programs",
	BOOKTITLE = "Communications of the ACM",
        VOLUME = 21,
        CHAPTER = 8,
	YEAR = "1978",
	PAGES = "133-140"
}
%===========================================================================
@INBOOK{KRC,
	AUTHOR = "D. Turner",
	TITLE = "Recursion equations as a programming language",
	BOOKTITLE = "Functional Programming and and Its Applications",
        PUBLISHER = "Cambridge University Press",
	YEAR = "1982",
	PAGES = "1-28"
}
%===========================================================================
@INPROCEEDINGS{ML,
	AUTHOR = "M. Gordon and R. Milner and L. Morris and M. Newey and C. Wadworth",
	TITLE = "A metalanguage for interactive proofs in {LCF}",
	BOOKTITLE = "Proceedings of ACM Symposium on Principles of Programming
                        Languages",
	YEAR = "1978",
	PAGES = "119-130"
}
%===========================================================================
@BOOK{Church,
	AUTHOR = "A. Church",
	TITLE = "The Calculi of Lambda Conversion",
	YEAR = "1941",
        PUBLISHER = "Princeton University Press"
}
%===========================================================================
@INPROCEEDINGS{Abadi89,
	AUTHOR = "M. Abadi and L. Cardelli and B. Pierce and G. Plotkin",
	TITLE = "Dynamic Typing in a Statically-Typed Language",
	BOOKTITLE = "Proceedings of ACM Symposium on Principles of Programming
               Languages",
	YEAR = "1989",
	PAGES = "213-227"
}
%===========================================================================
@INPROCEEDINGS{GMachine,
	AUTHOR = "T. Johnsson",
	TITLE = "Efficient compilation of lazy evaluation",
	BOOKTITLE = "Proceedings of ACM Conference on Compiler Construction",
	YEAR = "1984",
	PAGES = "58-69"
}
%===========================================================================
@BOOK{DragonBook,
	AUTHOR = "A. Aho and R. Sethi and J. Ullman",
	TITLE = "Compilers: Principles, Techniques and Tools",
	PUBLISHER = "Addison Wesley",
	YEAR = "1986"
}
%===========================================================================
@INPROCEEDINGS{Billot89,
	AUTHOR = "S. Billot and B. Lang",
	TITLE = "The Structure of Shared Forests in Ambiguous Parsing",
	BOOKTITLE = "Proceedings of the 27th Annual Meeting of the Association for
			   Computational Linguistics, Vancouver (Canada)",
	YEAR = "1989",
	PAGES = "213-227"
}
%===========================================================================
@ARTICLE{Constr88,
	AUTHOR = "T. Coquand and G. Huet",
	TITLE = "The Calculus of Constructions",
	JOURNAL = "Information and Computation",
	YEAR = "1988",
	VOLUME = "76",
	NUMBER = "2-3"
}
%===========================================================================
@INPROCEEDINGS{Cousineau,
	AUTHOR = "G. Cousineau and P.-L. Curien and M. Mauny",
	TITLE = "The Categorical Abstract Machine",
	BOOKTITLE = "Functional Programming Languages and Computer
                    Architecture",
        PUBLISHER = "Springer Verlag",
        SERIES = "Lecture Notes in Computer Science",
        NUMBER = 201,
	YEAR = "1985",
        PAGES = "50-64"
}
%===========================================================================
@TECHREPORT{MLHandbook,
	AUTHOR = "G. Cousineau and G. Huet and L. Paulson",
	TITLE = "The {ML} handbook",
	YEAR = "1985",
	INSTITUTION = "INRIA"
}
%===========================================================================
@TECHREPORT{Heering88,
	AUTHOR = "J. Heering and P. Klint and J.G. Rekers",
	TITLE = "	",
	INSTITUTION = "CWI",
	YEAR = "1988",
	NUMBER = "CS-R8822",
	TYPE = "Report"
}
%===========================================================================
@MISC{Jehl89,
	AUTHOR = "O. Jehl",
	TITLE = "Rapport de stage de troisi\`eme ann\'ee",
	YEAR = "1989",
	HOWPUBLISHED = "ENST"
}
%===========================================================================
@INCOLLECTION{YaccManual,
	AUTHOR = "S.C. Johnson",
	TITLE = "Yacc: {Y}et {A}nother {C}ompiler-{C}ompiler",
	BOOKTITLE = "Unix Programmer's Manual",
	VOLUME = "PS1",
	PUBLISHER = "Usenix Association",
	YEAR = "1986"
}
%===========================================================================
@INPROCEEDINGS{IncompleteSentences,
	AUTHOR = "B. Lang",
	TITLE = "Parsing Incomplete Sentences",
	BOOKTITLE = "Proceedings of the 12th Int. Conf. on Computational
	Linguistics (COLING'88), Budapest (Hungary)",
	YEAR = "1988"
}
%===========================================================================
@ARTICLE{Milner78,
	AUTHOR = "R. Milner",
	TITLE = "A Theory of Type Polymorphism in Programming",
	JOURNAL = "J. Comput. Syst. Sci.",
	VOLUME = "17",
	PAGES = "348-375",
	YEAR = "1978"
}
%===========================================================================
@ARTICLE{Tomita,
	AUTHOR = "M. Tomita",
	TITLE = "An Efficient Augmented-Context-Free Parsing Algorithm",
	JOURNAL = "Computational Linguistic",
	VOLUME = "17",
	NUMBER = "1-2",
	YEAR = "1987",
}
%===========================================================================
@TECHREPORT{CAMLPrimer,
	TITLE = "The {CAML} Primer",
	AUTHOR = "G. Cousineau and G. Huet",
	INSTITUTION = "INRIA",
        NUMBER = 122,
	YEAR = "1990",
	TYPE = "Technical Report"
}
%===========================================================================
@TECHREPORT{CAMLRefMan,
	TITLE = "The {CAML} Reference Manual",
	AUTHOR = "P. Weis and M.V. Aponte and A. Laville and M. Mauny and A. Su\'arez",
	INSTITUTION = "INRIA",
        NUMBER = 121,
	YEAR = "1990",
	TYPE = "Technical Report"
}
%===========================================================================
@TECHREPORT{JohnssonGrammars,
	TITLE = "Attribute Grammars as a Functional Programming Paradigm",
	AUTHOR = "T. Johnsson",
	INSTITUTION = "University of G{\"o}teborg and Chalmers University of Technology",
        NUMBER = 42,
	YEAR = "1987",
	TYPE = "Report"
}
%===========================================================================
@PHDTHESIS{SAM,
	AUTHOR = "P. Weis",
	TITLE = "M\'etacompilation tr\`es efficace \`a l'aide d'Op\'erateurs S\'emantiques",
	SCHOOL = "Universit\'e de Paris VII",
	YEAR = "1987"
}
%===========================================================================
@PHDTHESIS{MaunyT3C,
	AUTHOR = "M. Mauny",
	TITLE = "Compilation des Langages Fonctionnels dans les
                 Combinateurs Cat\'egoriques --- Application au langage ML",
	SCHOOL = "Universit\'e de Paris VII",
	YEAR = "1985"
}
%===========================================================================
@TECHREPORT{Typol,
	AUTHOR = "D. Cl\'ement and J.Despeyroux and T.Despeyroux and
	L.Hascou{\"e}t and G.Kahn",
	TITLE = "Natural Semantics on the Computer",
	INSTITUTION = "INRIA",
	YEAR = "1985",
	TYPE = "Research Report"
}
%===========================================================================
@INCOLLECTION{PPMLManual,
	AUTHOR = "P. Borras",
	TITLE = "{PPML} Reference Manual and Compiler Implementation",
	BOOKTITLE = "The CENTAUR Reference Manual (Version 0.9)",
	PUBLISHER = "",
	YEAR = "1989"
}
%===========================================================================
@BOOK{MacCarthy,
	AUTHOR = "J. MacCarthy",
	TITLE = "{Lisp 1.5} Programmer's Manual",
	PUBLISHER = {MIT Press},
        ADDRESS = {Cambridge, Mass.},
	YEAR = "1962"
}
%===========================================================================
@TECHREPORT{SASL,
	AUTHOR = "D. Turner",
	TITLE = "{SASL} language manual",
	YEAR = "1976",
	INSTITUTION = "St Andrews University"
}
%===========================================================================
@INPROCEEDINGS{Miranda85,
	AUTHOR = "D. Turner",
	TITLE = "{Miranda}: a non-strict functional language with polymorphic
                  types",
	BOOKTITLE = "Functional Programming Languages and Computer
                     Architecture",
        PUBLISHER = "Springer Verlag",
        SERIES = "Lecture Notes in Computer Science",
        NUMBER = 201,
	YEAR = "1985",
        PAGES = "1-16"
}
%===========================================================================
\@TECHREPORT{Haskell90,
        AUTHOR = "P. Hudak and P. Wadler",
        TITLE = "Report on the Programming language {Haskell}",
        INSTITUTION = "Yale University",
        YEAR = 1990,
        NUMBER = "YALEU/DCS/RR-777"
}
%===========================================================================
@BOOK{DeBruijn,
	AUTHOR = "N. {De Bruijn}",
	TITLE = "Lambda-calculus notation with nameless dummies,
                a tool for automatic formula manipulation",
	PUBLISHER = "Indag. Math.",
	YEAR = "1962"
}
%===========================================================================
@INPROCEEDINGS{MaunyConfLisp,
	AUTHOR = "M. Mauny and A. Su\'arez",
	TITLE = "Implementing Functional Languages in the Categorical
                  Abstract Machine",
	BOOKTITLE = "Proceedings of the ACM International Conference on Lisp
                        and Functional Programming",

        PAGES = "266-278",
	YEAR = "1986",
}
%===========================================================================
@INBOOK{CurryHoward,
	AUTHOR = "W.A. Howard",
	TITLE = "The formulae-as-type notion of construction",
	BOOKTITLE = "To H.B. Curry: Essays in Combinatory Logic,
                     Lambda-calculus and Formalism",
        PUBLISHER = "Academic Press",
	YEAR = "1980",
        PAGES = "479-490"
}
%===========================================================================
@INPROCEEDINGS{MiniML,
	AUTHOR = "D. Cl\'ement and J. Despeyroux and T. Despeyroux
                        and G. Kahn",
	TITLE = "A Simple Applicative Language: {Mini-ML}",
	BOOKTITLE = "Proceedings of the ACM International Conference on Lisp
                        and Functional Programming",

        PAGES = "13-27",
	YEAR = "1986",
}
%===========================================================================
@BOOK{CAMLAda,
        AUTHOR = "T. Accart Hardin and V. Donzeau-Gouge Vigui\'e",
        TITLE = "Apprentissage de la Programmation avec {CAML} et {Ada}",
        PUBLISHER = "InterEditions",
        NOTE = "To appear",
        YEAR = "1991"
}
%===========================================================================
@INPROCEEDINGS{SuarezPatternMatching,
        AUTHOR = "L. Puel and A. Su\'arez",
        TITLE = "Compiling Pattern Matching by Term Decomposition",
        BOOKTITLE = "Proceedings of the ACM Conference on Lisp and Functional
                         Programming",
        YEAR = 1990
}
%===========================================================================
@PHDTHESIS{LavillePatternMatching,
	AUTHOR = "A. Laville",
	TITLE = "Evaluation Paresseuse des Filtrages avec Priorit\'es",
	SCHOOL = "Universit\'e de Paris VII",
	YEAR = "1988"
}
%===========================================================================
@TECHREPORT{LCSManual,
	AUTHOR = "B. Berthomieu and D. Giralt and J.-P. Gouyon",
	TITLE = "LCS User's Manual",
        NUMBER = 91226,
        MONTH = "June",
	YEAR = "1991",
	INSTITUTION = "LAAS"
}
%===========================================================================
@INPROCEEDINGS{FriedmanWise76,
        author = "D.S. Freidman and D.S. Wise",
        title = "{CONS} Should not Evaluate its Arguments",
        booktitle = "Proc. of Intl. Conference on Automata, Languages
                and Programming",
        year = 1976
}
%===========================================================================
@INPROCEEDINGS{MaunydeRauglaudre92a,
        author = "M. Mauny and D. de~Rauglaudre",
        title = "Parsers in {ML}",
        booktitle = "Proceedings of the ACM Conference on Lisp and
                        Functional Programming",
        year = 1992
}
%===========================================================================
@BOOK{SedgewickPascal,
        AUTHOR = "R. Sedgewick",
        TITLE = "Algorithms",
        PUBLISHER = "Addison Wesley",
        YEAR = "1988"
}
%===========================================================================
@ARTICLE{Quicksort,
	AUTHOR = "C.A.R. Hoare",
	TITLE = "Quicksort",
	JOURNAL = "Computer Journal",
	YEAR = "1962",
	VOLUME = "5",
	NUMBER = "1"
}
%===========================================================================
@BOOK{AbelsonSussman,
	AUTHOR = "H. Abelson and G.J. Sussman",
	TITLE = "Structure and Interpretation of Computer Programs",
	YEAR = "1985",
        PUBLISHER = "The MIT Press"
}
%===========================================================================
