@Book{ouster94,
  author = 	 "John K. Ousterhout",
  title = 	 "{Tcl} and the {Tk} {Toolkit}",
  publisher = 	 "Addison-Wesley",
  year = 	 1994
}

@Book{welch94,
  author = 	 "Brent Welch",
  title = 	 "Practical Programming in  {Tcl} and {Tk}",
  publisher = 	 "Prentice Hall",
  year = 	 1994,
  note =	 "Drafts available by anonymous ftp"
}

